<?xml version="1.0" encoding="UTF-8"?>
<collection xmlns:xsi="http://www.w3.org/2001/XMLSchema-instance" xsi:schemaLocation="http://www.loc.gov/MARC21/slim http://www.loc.gov/standards/marcxml/schema/MARC21slim.xsd" xmlns="http://www.loc.gov/MARC21/slim">
<record>
  <leader>01100cam a2200277M  4500</leader>
  <controlfield tag="001">3235925</controlfield>
  <controlfield tag="003">NNC</controlfield>
  <controlfield tag="005">20130426153325.0</controlfield>
  <controlfield tag="008">860916s1939    ua a          000 0 ara d</controlfield>
  <datafield tag="035" ind1=" " ind2=" ">
    <subfield code="a">(OCoLC)ocm23484739</subfield>
  </datafield>
  <datafield tag="035" ind1=" " ind2=" ">
    <subfield code="9">AUK8841CU</subfield>
  </datafield>
  <datafield tag="035" ind1=" " ind2=" ">
    <subfield code="a">(NNC)3235925</subfield>
  </datafield>
  <datafield tag="040" ind1=" " ind2=" ">
    <subfield code="a">EYM</subfield>
    <subfield code="c">EYM</subfield>
    <subfield code="d">OCL</subfield>
    <subfield code="d">ZCU</subfield>
  </datafield>
  <datafield tag="050" ind1=" " ind2="4">
    <subfield code="a">QA32</subfield>
    <subfield code="b">.K45</subfield>
  </datafield>
  <datafield tag="099" ind1=" " ind2=" ">
    <subfield code="a">893.7195</subfield>
    <subfield code="a">K51</subfield>
  </datafield>
  <datafield tag="100" ind1="1" ind2=" ">
    <subfield code="a">Khuwārizmī, Muḥammad ibn Mūsá,</subfield>
    <subfield code="d">active 813-846.</subfield>
  </datafield>
  <datafield tag="240" ind1="1" ind2="0">
    <subfield code="a">Jabr wa-al-muqābalah</subfield>
  </datafield>
  <datafield tag="245" ind1="1" ind2="0">
    <subfield code="a">Kitāb al-jabr wa-al-muqābalah.</subfield>
    <subfield code="c">li-Muḥammad din Mūsā al-Khawārizmī; qama bi-taqdīm wa-taʻlīq ʻAlī Muṣṭafā Musharrafah wa-Muḥammad Mursī Aḥmad.</subfield>
  </datafield>
  <datafield tag="260" ind1=" " ind2=" ">
    <subfield code="a">al-Qāhirah,</subfield>
    <subfield code="b">al-Jāmiʻah al-Miṣrīyah,</subfield>
    <subfield code="c">1939.</subfield>
  </datafield>
  <datafield tag="300" ind1=" " ind2=" ">
    <subfield code="a">106 p.</subfield>
    <subfield code="b">illus.</subfield>
    <subfield code="c">25 cm.</subfield>
  </datafield>
  <datafield tag="490" ind1="1" ind2=" ">
    <subfield code="a">al-Jāmiʻah al-Miṣrīyah. Kullīyat al-ʻUlūm. Publications</subfield>
    <subfield code="v">no. 2</subfield>
  </datafield>
  <datafield tag="650" ind1=" " ind2="0">
    <subfield code="a">Mathematics, Arab.</subfield>
  </datafield>
  <datafield tag="700" ind1="1" ind2=" ">
    <subfield code="a">Musharrafah, ʻAlī Muṣṭafá,</subfield>
    <subfield code="e">editor.</subfield>
  </datafield>
  <datafield tag="700" ind1="1" ind2=" ">
    <subfield code="a">Aḥmad, Muḥammad Mursī,</subfield>
    <subfield code="e">editor.</subfield>
  </datafield>
  <datafield tag="810" ind1="2" ind2=" ">
    <subfield code="a">Jāmiʻat al-Qāhirah.</subfield>
    <subfield code="b">Kullīyat al-ʻUlūm.</subfield>
    <subfield code="t">Publications ;</subfield>
    <subfield code="v">no. 2.</subfield>
  </datafield>
  <datafield tag="955" ind1=" " ind2=" ">
    <subfield code="b">CU58976965</subfield>
    <subfield code="d">off,glx</subfield>
    <subfield code="e">893.7195 K51</subfield>
  </datafield>
</record>
</collection>